@article{allingham1972income,
  title={Income Tax Evasion: {A} Theoretical Analysis},
  author={Allingham, Michael and Sandmo, Agnar},
  journal={Journal of Public Economics},
  volume={1},
  pages={323--338},
  year={1972},
  publisher={Elsevier}
}

@article{andreoni1998tax,
  title={Tax Compliance},
  author={Andreoni, James and Erard, Brian and Feinstein, Jonathan},
  journal={The Journal of Economic Literature},
  volume={36},
  pages={818--860},
  year={1998},
  publisher={American Economic Association}
}

@article{bloomquist2013incorporating,
  title={Incorporating Indirect Effects in Audit Case Selection: {An} Agent-Based Approach},
  author={Bloomquist, Kim},
  journal={IRS Research Bulletin},
  pages={103--116},
  year={2013}
}

@article{bruttel2014path,
  title={On the Path Dependence of Tax Compliance},
  author={Bruttel, Lisa and Friehe, Tim},
  journal={European Economic Review},
  volume={65},
  pages={90--107},
  year={2014},
  publisher={Elsevier}
}

@article{Pomeranz2015,
  title={{No taxation without information: Deterrence and self-enforcement in the value added tax}},
  author={Pomeranz, Dina},
  journal={The American Economic Review},
  volume={105},
  number={8},
  pages={2539--69},
  year={2015}
}

@article{BobonisCamarafuertesSchwabe2016,
  title={{Monitoring corruptible politicians}},
  author={Bobonis, Gustavo J and C{\'a}mara Fuertes, Luis R and Schwabe, Rainer},
  journal={The American Economic Review},
  volume={106},
  number={8},
  pages={2371--2405},
  year={2016}
}

@article{AvizFerrazFinan2018,
  title={{Do Government Audits Reduce Corruption? Estimating the Impacts of Exposing Corrupt Politicians}},
  author={Avis, Eric and Ferraz, Claudio and Finan, Frederico},
  journal={Journal of Political Economy},
  volume={126},
  number={5},
  pages={1912--64},
  year={2018}
}
